<?xml version="1.0" encoding="UTF-8"?><collection xmlns="http://www.loc.gov/MARC21/slim"><record><leader>00565nam--2200193-i-4500</leader><controlfield tag="001">000015377</controlfield><controlfield tag="002">20161230</controlfield><controlfield tag="005">20161230201031</controlfield><controlfield tag="008">060222s1000------------r-----000-0-eng-d</controlfield><datafield ind1=" " ind2=" " tag="020"><subfield code="a">9971966611</subfield></datafield><datafield ind1=" " ind2=" " tag="040"><subfield code="a">IFIN-HH</subfield></datafield><datafield ind1=" " ind2=" " tag="080"><subfield code="a">539.12.01:539.14</subfield></datafield><datafield ind1="1" ind2=" " tag="100"><subfield code="a">Weise, W</subfield></datafield><datafield ind1="1" ind2="0" tag="245"><subfield code="a">Quarks and nuclei</subfield><subfield code="b">Volume 1 international review of nuclear physics vol. 1 1984</subfield><subfield code="c">W. weise (ed.)</subfield></datafield><datafield ind1=" " ind2=" " tag="260"><subfield code="a">Singapore</subfield><subfield code="b">World Scientific</subfield><subfield code="c">1984</subfield></datafield><datafield ind1=" " ind2=" " tag="300"><subfield code="a">700P</subfield></datafield><datafield ind1=" " ind2=" " tag="490"><subfield code="a">International Review Of Nuclear Physics</subfield></datafield><datafield ind1=" " ind2=" " tag="852"><subfield code="a">72835</subfield><subfield code="c">539.14</subfield></datafield><datafield ind1=" " ind2=" " tag="CAT"><subfield code="a">Sys</subfield><subfield code="c">20120405</subfield><subfield code="h">143328</subfield></datafield></record></collection>